





@article{doi:10.1063/1.465362,
author = {Bandrauk,André D.  and Shen,Hai },
title = {Exponential split operator methods for solving coupled time‐dependent Schrödinger equations},
journal = {The Journal of Chemical Physics},
volume = {99},
number = {2},
pages = {1185-1193},
year = {1993},
doi = {10.1063/1.465362},

URL = { 
        https://doi.org/10.1063/1.465362
    
},
eprint = { 
        https://doi.org/10.1063/1.465362
    
}

}


