@misc{ wiki:001,
    author = "{Wikipedia contributors}",
    title = "Bomberman (1983 video game) --- {Wikipedia}{,} The Free Encyclopedia",
    year = "2019",
    url = "https://en.wikipedia.org/w/index.php?title=Bomberman_(1983_video_game)&oldid=879724470",
    note = "[Online; accessed 29-January-2019]"
  }